@article{RN107,
   author = {Akaike, Hirotugu.},
   title = {A New Look at the Statistical Model Identification | SpringerLink},
   DOI = {10.1007/978-1-4612-1694-0_16},
   url = {https://link.springer.com/chapter/10.1007/978-1-4612-1694-0_16},
   year = {1974},
   type = {Journal Article}
}

@article{RN110,
   author = {Baranyi, J. and McClure, P. J. and Sutherland, J. P. and Roberts, T. A.},
   title = {Modeling bacterial growth responses},
   journal = {Journal of Industrial Microbiology},
   volume = {12},
   number = {3},
   pages = {190-194},
   ISSN = {1476-5535},
   DOI = {doi:10.1007/BF01584189},
   url = {https://link.springer.com/article/10.1007/BF01584189},
   year = {1993},
   type = {Journal Article}
}

@article{RN69,
   author = {Bolker, Benjamin M. Gardiner, Beth. Maunder, Mark. Ber, Casper. Brooks, Mollie. Comita, Liza. Crone, Elizabeth. Cubaynes, Sarah. Davies, Trevor. de Valpine, Perry. Ford, Jesica. Gimenez, Olivier. Kery, Marc. Kim, Eun Jung. Lennert-Cody, Cleridy. Magnusson, Arni. Martell, Steve. Nash, John. Nielsen, Anders. Regetz, Jim. Skaug, Hans. Zipkin, Elise.},
   title = {Strategies for fitting nonlinear ecological models in R, AD Model Builder, and BUGS - Bolker - 2013 - Methods in Ecology and Evolution - Wiley Online Library},
   DOI = {10.1111/2041-210X.12044},
   url = {https://besjournals.onlinelibrary.wiley.com/doi/full/10.1111/2041-210X.12044},
   year = {2013},
   type = {Journal Article}
}

@article{RN108,
   author = {Buchanan, R L. Whiting, R C. Damert, W C.},
   title = {When is simple good enough: a comparison of the Gompertz, Baranyi, and three-phase linear models for fitting bacterial growth curves | Elsevier Enhanced Reader},
   DOI = {10.1006/fmic.1997.0125},
   url = {https://reader.elsevier.com/reader/sd/pii/S0740002097901258?token=9E7217EA2207E712383CC34C226F86BD2AD20FBCC5E6FC03BB9915DA1103657631144F59451C49E883D8097A064A1A37},
   year = {1997},
   type = {Journal Article}
}

@article{RN105,
   author = {Grijspeerdt, K. Vanrollegham, P.},
   title = {Estimating the parameters of the Baranyi model for bacterial growth | Elsevier Enhanced Reader},
   DOI = {10.1006/fmic.1999.0285},
   url = {https://reader.elsevier.com/reader/sd/pii/S074000209990285X?token=AE51A31769687B28399A85B566A1C4DA7FBC4DBBAD99906A3584E5F2623C22A262DAF858B426995ABC16D153FD398C98},
   year = {1999},
   type = {Journal Article}
}

@article{RN68,
   author = {Johnson, J. B. and Omland, K. S.},
   title = {Model selection in ecology and evolution},
   journal = {Trends Ecol Evol},
   volume = {19},
   number = {2},
   pages = {101-8},
   ISSN = {0169-5347 (Print)0169-5347},
   DOI = {10.1016/j.tree.2003.10.013},
   url = {http://dx.doi.org/10.1016/j.tree.2003.10.013},
   year = {2004},
   type = {Journal Article}
}

@article{RN67,
   author = {Levins, Richard},
   title = {THE STRATEGY OF MODEL BUILDING IN POPULATION BIOLOGY},
   journal = {American Scientist},
   volume = {54},
   number = {4},
   pages = {421-431},
   ISSN = {00030996},
   url = {http://dx.doi.org/},
   year = {1966},
   type = {Journal Article}
}

@article{RN106,
   author = {Peleg, Micha and Corradini, Maria G.},
   title = {Microbial Growth Curves: What the Models Tell Us and What They Cannot},
   journal = {https://doi.org/10.1080/10408398.2011.570463},
   DOI = {Critical Reviews in Food Science and Nutrition, Vol. 51, No. 10, December 2011, pp. 917â€“945},
   url = {https://www.tandfonline.com/doi/full/10.1080/10408398.2011.570463},
   year = {2011},
   type = {Journal Article}
}

@article{RN73,
   author = {Zwietering, M. H. and Jongenburger, I. and Rombouts, F. M. and van 't Riet, K.},
   title = {Modeling of the Bacterial Growth Curve},
   journal = {Appl Environ Microbiol},
   volume = {56},
   number = {6},
   pages = {1875-81},
   ISSN = {0099-2240 (Print)1098-5336 (Electronic)},
   url = {http://dx.doi.org/},
   year = {1990},
   type = {Journal Article}
}

